@Book{abramowitz+stegun,
  author = "Milton Abramowitz and Irene A. Stegun",
  title = "Handbook of Mathematical Functions with
  Formulas, Graphs, and Mathematical Tables",
  publisher = "Dover",
  year = 1964,
  address = "New York",
  edition = "ninth Dover printing, tenth GPO printing"
}
@booklet{Hannibal+NationalGeographic,
  author = {Nikkei National Geographic Inc},
  title = {残念な英雄ハンニバル、「象でアルプス越え」の失策度 | ナショナルジオグラフィック日本版サイト},
  howpublished = {https://natgeo.nikkeibp.co.jp/atcl/web/17/121100020/121100001},
  note = {（2019年8月6日閲覧）},
  isjapanese = {true}
}

@booklet{Caesar+Y-History,
  author = {Y-History 教材工房},
  title = {カエサル},
  howpublished = {https://www.y-history.net/appendix/wh0103-058.html},
  note = {（2019年8月6日閲覧）},
  isjapanese = {true}
}

@booklet{Alexandros+Y-History,
  author = {Y-History 教材工房},
  title = {アレクサンドロス／その東方遠征},
  howpublished = {https://www.y-history.net/appendix/wh0102-095.html},
  note = {（2019年8月6日閲覧）},
  isjapanese = {true}
}

@booklet{Alexandros+Uraken,
  author = {Urabe Research Laboratory},
  title = {第７回　アレクサンドロス大王の大遠征},
  howpublished = {http://www.uraken.net/rekishi/reki-eu07.html},
  note = {（2019年8月6日閲覧）},
  isjapanese = {true}
}